@book{gamboa,
    author    = "Fernando, José F.  and Gamboa, José Manuel",
    title     = "Ecuaciones Algebraicas: Extensiones de Cuerpos y Teoría de Galois",
    year      = "2017",
    publisher = "sanz y torres"
}
